<?xml version="1.0" encoding="UTF-8"?><collection xmlns="http://www.loc.gov/MARC21/slim"><record><leader>00598nam--2200181-u-4500</leader><controlfield tag="001">000054461</controlfield><controlfield tag="002">20161230</controlfield><controlfield tag="005">20170103152148</controlfield><controlfield tag="008">111214s1000------------r-----000-0-rum-d</controlfield><datafield ind1=" " ind2=" " tag="040"><subfield code="a">IFIN-HH</subfield></datafield><datafield ind1=" " ind2=" " tag="041"><subfield code="a">rum</subfield></datafield><datafield ind1="1" ind2=" " tag="100"><subfield code="a">Susu (Mihailescu), Madalina</subfield></datafield><datafield ind1="1" ind2="0" tag="245"><subfield code="a">Contributii la studiul materialelor semiconductoare oxidice pe baza de titanat de bariu dopat si aplicatii</subfield><subfield code="b">Teza</subfield><subfield code="c">Madalina Susu (Mihailescu)</subfield></datafield><datafield ind1=" " ind2=" " tag="260"><subfield code="a">Bucuresti</subfield><subfield code="b">Universitatea</subfield><subfield code="c">2011</subfield></datafield><datafield ind1=" " ind2=" " tag="300"><subfield code="a">110 p</subfield></datafield><datafield ind1=" " ind2=" " tag="502"><subfield code="a">Coordonator Stiintific: Prof.Dr. Cornel Miclea</subfield></datafield><datafield ind1=" " ind2=" " tag="852"><subfield code="a">82331</subfield><subfield code="c">537.311.33</subfield></datafield><datafield ind1=" " ind2=" " tag="CAT"><subfield code="a">SYS</subfield><subfield code="c">20170103</subfield><subfield code="h">152148</subfield></datafield></record></collection>